@book{book:musicAndProbability,
    author    = "David Temperley",
    title     = "Music and Probability",
    year      = "2007",
    publisher = "The MIT Press",
    address   = "Cambridge, Massachusetts"
}

@book{book:musimathics,
    author    = "Gareth Loy",
    title     = "Musimathics",
    year      = "2006",
    publisher = "The MIT Press",
    address   = "Cambridge, Massachusetts"
}

@Misc{url:essen,
  author =       {University of Oxford Text Archive},
  title =        {Essen corpus of German folksong melodies},
  howpublished = {URL: \url{http://ota.ox.ac.uk/desc/1038}}
}

@Misc{url:DP,
  author =       {Wikipedia},
  title =        {Dynamic programming},
  howpublished = {URL: \url{https://en.wikipedia.org/wiki/Dynamic_programming}}
}

@book{book:ANN,
  author =       {Michael Nielsen},
  year = 		 {2016},
  title =        {Neural Networks and Deep Learning},
  howpublished = {URL: \url{http://neuralnetworksanddeeplearning.com/}}
}

@Misc{url:backpropagation,
  title = 		 {Backpropagation},
  howpublished = {URL: \url{https://en.wikipedia.org/wiki/Backpropagation}}
}

@Misc{url:temperley,
  title = 		 {David Temperley},
  howpublished = {URL: \url{http://davidtemperley.com/}}
}

@Misc{url:bach,
  author =       {Wikipedia},
  title =        {Johann Sebastian Bach},
  howpublished = {URL: \url{https://en.wikipedia.org/wiki/Johann_Sebastian_Bach}}
}

@Misc{url:mozart,
  author =       {Wikipedia},
  title =        {Wolfgang Amadeus Mozart},
  howpublished = {URL: \url{https://en.wikipedia.org/wiki/Wolfgang_Amadeus_Mozart}}
}
  
@Misc{url:musicxml,
  title =        {MusicXML},
  howpublished = {URL: \url{http://www.musicxml.com/}}
}

@Misc{url:midi,
  author =       {Wikipedia},
  title =        {Musical Instrument Digital Interface},
  howpublished = {URL: \url{https://nl.wikipedia.org/wiki/Musical_Instrument_Digital_Interface}}
}

@Misc{url:FFNN,
  author =       {Stanford University},
  title =        {Feed-Forward networks},
  howpublished = {URL: \url{http://cs.stanford.edu/people/eroberts/courses/soco/projects/neural-networks/Architecture/feedforward.html}}
}

@Misc{url:Fibonacci,
  author =       {Wolphram MathWorld},
  title =        {Fibonacci Number},
  howpublished = {URL: \url{http://mathworld.wolfram.com/FibonacciNumber.html}}
}

@Misc{url:Bhattacharyya,
  author =       {Wikipedia},
  title =        {Bhattacharyya Distance},
  howpublished = {URL: \url{https://en.wikipedia.org/wiki/Bhattacharyya_distance}}
}

@MastersThesis{thesis:vincent,
    author     =     {Vincent Nys},
    title      =     {Noten lezen voor elektrische gitaristen: een expertsysteem voor het genereren van bladmuziek},
    school     =     {KU Leuven},
    address    =     {Belgium},
    year       =     {2013}
}

@MastersThesis{thesis:thomas,
    author     =     {Thomas Pattyn},
    title      =     {Op zoek naar inspiratie: Transformatie en evaluatie van muziek},
    school     =     {KU Leuven},
    address    =     {Belgium},
    year       =     {2015}
}
